@InProceedings{dummy_ref1,
  author =    {府立 太郎 and 大阪 みなみ},
  title =     {ダミー文献},
  booktitle = {怪しい会議},
  year =      {2016},
  month =     mar,
  langid = {Japanese},
}

@Article{dummy_ref2,
  author =	{Masakazu Iwamura and Somebody Else},
  title =	{Pseudo paper},
  journal =	{Predatory journal},
  year =	2016,
  month =	jul,
  volume =	{10},
  number =	{7},
}
